@article{Pillai2020,
   author = {Rajasshrie Pillai and Brijesh Sivathanu},
   doi = {10.1108/IJCHM-04-2020-0259},
   issn = {09596119},
   issue = {10},
   journal = {International Journal of Contemporary Hospitality Management},
   keywords = {AI-based chatbots,Anthropomorphism,Mixed method,PLS-SEM,Perceived intelligence,Perceived trust,TAM},
   month = {10},
   pages = {3199-3226},
   publisher = {Emerald Group Holdings Ltd.},
   title = {Adoption of AI-based chatbots for hospitality and tourism},
   volume = {32},
   year = {2020},
}

@article{Santiago2021,
   author = {Santiago Melián-González and Desiderio Gutiérrez-Taño and Jacques Bulchand-Gidumal},
   doi = {10.1080/13683500.2019.1706457},
   issn = {13683500},
   issue = {2},
   journal = {Current Issues in Tourism},
   keywords = {Chatbots,SSTs,anthropomorphism,automation,client interaction},
   pages = {192-210},
   publisher = {Routledge},
   title = {Predicting the intentions to use chatbots for travel and tourism},
   volume = {24},
   year = {2021},
}

@article{Asbjørn2017,
   author = {Asbjørn Følstad and Petter Bae Brandtzaeg},
   doi = {10.1145/3085558},
   issn = {15583449},
   issue = {4},
   journal = {Interactions},
   month = {6},
   pages = {38-42},
   publisher = {
		ACM
		PUB27
		New York, NY, USA
	},
   title = {Chatbots and the new world of HCI},
   volume = {24},
   url = {https://dl.acm.org/doi/10.1145/3085558},
   year = {2017},
}

@article{Li2016,
   author = {Jiwei Li and Will Monroe and Alan Ritter and Michel Galley and Jianfeng Gao and Dan Jurafsky},
   doi = {10.18653/V1/D16-1127},
   isbn = {9781945626258},
   journal = {EMNLP 2016 - Conference on Empirical Methods in Natural Language Processing, Proceedings},
   pages = {1192-1202},
   publisher = {Association for Computational Linguistics (ACL)},
   title = {Deep Reinforcement Learning for Dialogue Generation},
   url = {https://aclanthology.org/D16-1127},
   year = {2016},
}


@article{Levannoza2020,
   author = {Reval Levannoza and Rizky Fauzi Latif and Syafira Indah Nurkafianti and Kristianus Oktriono and Devina and Chandra Kurniawan Wiharja and Tjeng Wawan Cenggoro},
   doi = {10.1109/ICIMTECH50083.2020.9211162},
   isbn = {9781728170718},
   journal = {Proceedings of 2020 International Conference on Information Management and Technology, ICIMTech 2020},
   keywords = {Chatbot,Crowdsourcing,Data collection,Hotel receptionist chatbot},
   month = {8},
   pages = {213-217},
   publisher = {Institute of Electrical and Electronics Engineers Inc.},
   title = {Enabling a massive data collection for hotel receptionist chatbot using a crowdsourcing information system},
   year = {2020},
}

@article{Erick2021,
   author = {Erick D. Cedeño-Pando and Luis F. Guevara-Rodriguez and Segundo E. Cieza-Mostacero and Juan F. Pacheco-Torres},
   doi = {10.54808/CICIC2022.01.7},
   isbn = {9781950492626},
   journal = {CICIC 2022 - Decima Segunda Conferencia Iberoamericana de Complejidad, Informatica y Cibernetica en el contexto de the 13th International Multi-Conference on Complexity, Informatics, and Cybernetics, IMCIC 2022 - Memorias},
   pages = {7-12},
   publisher = {International Institute of Informatics and Cybernetics, IIIC},
   title = {Aplicación Móvil Multiplataforma para Mejorar el Proceso de Reserva en un Hotel},
   year = {2021},
}

@article{Levannoza2020,
   author = {Reval Levannoza and Rizky Fauzi Latif and Syafira Indah Nurkafianti and Kristianus Oktriono and Devina and Chandra Kurniawan Wiharja and Tjeng Wawan Cenggoro},
   doi = {10.1109/ICIMTECH50083.2020.9211162},
   isbn = {9781728170718},
   journal = {Proceedings of 2020 International Conference on Information Management and Technology, ICIMTech 2020},
   keywords = {Chatbot,Crowdsourcing,Data collection,Hotel receptionist chatbot},
   month = {8},
   pages = {213-217},
   publisher = {Institute of Electrical and Electronics Engineers Inc.},
   title = {Enabling a massive data collection for hotel receptionist chatbot using a crowdsourcing information system},
   year = {2020},
}

@article{Miguel2018,
   author = {Miguel Ángel Sánchez Jiménez and Marisol B. Correia and Nelson De Matos},
   doi = {10.17561/REE.V2018N1.2},
   issue = {1},
   journal = {Revista de Estudios Empresariales. Segunda Época},
   month = {7},
   publisher = {Universidad de Jaen},
   title = {ADAPTACIÓN DE LAS PÁGINAS WEB DE LOS HOTELES EN LOS DISPOSITIVOS MÓVILES},
   year = {2018},
}

@article{Pan2013,
   author = {Bing Pan and Lixuan Zhang and Rob Law},
   doi = {10.1177/1938965512463264},
   issn = {19389655},
   issue = {1},
   journal = {Cornell Hospitality Quarterly},
   keywords = {decision heuristics,eyetracking,hotel decision making,online travel agency},
   pages = {74-83},
   publisher = {SAGE Publications Inc.},
   title = {The Complex Matter of Online Hotel Choice},
   volume = {54},
   year = {2013},
}

@article{Alotaibi2020,
   author = {Reem Alotaibi and Ahlam Ali and Haya Alharthi and Renad Almehamadi},
   doi = {10.3991/IJIM.V14I19.17201},
   issn = {1865-7923},
   issue = {19},
   journal = {International Journal of Interactive Mobile Technologies (iJIM)},
   keywords = {Chatbot,Jeddah,Machine learning,Natural Language Processing},
   month = {11},
   pages = {18-30},
   publisher = {International Association of Online Engineering},
   title = {AI Chatbot for Tourist Recommendations: A Case Study in the City of Jeddah, Saudi Arabia},
   volume = {14},
   url = {https://online-journals.org/index.php/i-jim/article/view/17201},
   year = {2020},
}

@article{Dias2020,
   author = {Itamar Dias e Cordeiro and Izabelly Maria da Silva Batista and Itamar Dias e Cordeiro and Izabelly Maria da Silva Batista},
   issn = {1851-1732},
   issue = {3},
   journal = {Estudios y perspectivas en turismo},
   pages = {792-816},
   publisher = {Centro de Investigaciones y Estudios Turísticos},
   title = {LA EXPERIENCIA DEL USUARIO EN EL PROCESO DE ADQUIRIR INFORMACIÓN PARA PLANEAR EL VIAJE El caso del chatbot de Kayak},
   volume = {29},
   url = {http://www.scielo.org.ar/scielo.php?script=sci_arttext&pid=S1851-17322020000300792&lng=es&nrm=iso&tlng=en http://www.scielo.org.ar/scielo.php?script=sci_abstract&pid=S1851-17322020000300792&lng=es&nrm=iso&tlng=en},
   year = {2020},
}

@article{Muñoz2018,
   author = {Universidad DE Jaén and Salvador Muñoz Manzaneda Tutor and D Arturo Montejo Ráez},
   keywords = {3304,3304.05,3304.17,Character recognition systems,Computer Technology,Real,Sistemas de reconocimiento de caracteres,Sistemas en tiempo real,Tecnología de los ordenadores,time systems},
   month = {6},
   publisher = {Jaén: Universidad de Jaén},
   title = {Bot conversacional sobre Watson para recomendaciones turísticas en Jaén},
   url = {http://tauja.ujaen.es/jspui/handle/10953.1/8444},
   year = {2018},
}

@article{Vilca2008,
   author = {Vilca Chiliquinga, Paúl (Director)},
   keywords = {AUTOMATIZACION,DESARROLLO DE SISTEMAS,HOTELES,RESERVA Y FACTURACION,bachelorThesis},
   publisher = {QUITO/ EPN/ 2008},
   title = {Desarrollo de un sistema para automatizar los procesos de reserva y facturación de un hotel},
   url = {http://bibdigital.epn.edu.ec/handle/15000/1033},
   year = {2008},
}

@article{Felipe2022,
   author = {Juan Felipe and Garcia Carreño},
   keywords = {AIML,Asistente virtual,Bogotá,Chatbot,Colombia,Concierge virtual,Hotel,Ingeniería,PLN,Universidad de los Andes,docencia,extensión,institutional repository,investigación,open access,repositorio institucional,research},
   publisher = {Universidad de los Andes},
   title = {Desarrollo de un chatbot como apoyo a la experiencia del cliente en un hotel en Colombia},
   url = {https://repositorio.uniandes.edu.co/handle/1992/55148},
   year = {2022},
}

@article{Por2017,
   author = {Presentado Por and Baldoceda Chavez and Jean Carlos and Msc Yucra Sotomayor and Daniel Alejandro},
   journal = {Repositorio Institucional - UIGV},
   keywords = {Aplicación móvil,App,Application,Booking,Habitaciones,Hotel,Mobile,Mobile application,Reserva,Rooms,d},
   month = {11},
   publisher = {Universidad Inca Garcilaso de la Vega},
   title = {Desarrollo de un aplicativo móvil basado  en la metodología mobile-D para la gestión  de reservas del hotel Caribe de Huaral},
   url = {http://repositorio.uigv.edu.pe/handle/20.500.11818/1800},
   year = {2017},
}

@article{Cantoni2011,
   author = {Lorenzo Cantoni and Marco Faré and Alessandro Inversini and Vittoria Passini},
   doi = {10.1007/978-3-7091-0503-0_20},
   journal = {Information and Communication Technologies in Tourism 2011},
   pages = {241-252},
   publisher = {Springer, Vienna},
   title = {Hotel Websites and Booking Engines: A Challenging Relationship},
   url = {https://link.springer.com/chapter/10.1007/978-3-7091-0503-0_20},
   year = {2011},
}

@article{Li2017,
   author = {Li Li and Maojuan Peng and Nan Jiang and Rob Law},
   doi = {10.1016/J.IJHM.2017.01.001},
   issn = {0278-4319},
   journal = {International Journal of Hospitality Management},
   keywords = {Economy hotel,Online booking intentions,Website quality,eTrust},
   month = {5},
   pages = {1-10},
   publisher = {Pergamon},
   title = {An empirical study on the influence of economy hotel website quality on online booking intentions},
   volume = {63},
   year = {2017},
}

@article{Kim2017,
   author = {Seo Yeon Kim and Jong Uk Kim and Sang Cheol Park},
   doi = {10.3390/SU9122262},
   issn = {2071-1050},
   issue = {12},
   journal = {Sustainability 2017, Vol. 9, Page 2262},
   keywords = {intention to book,online hotel booking,party online booking sites,perceived value,trust toward a third,trust toward hotels},
   month = {12},
   pages = {2262},
   publisher = {Multidisciplinary Digital Publishing Institute},
   title = {The Effects of Perceived Value, Website Trust and Hotel Trust on Online Hotel Booking Intention},
   volume = {9},
   url = {https://www.mdpi.com/2071-1050/9/12/2262/htm https://www.mdpi.com/2071-1050/9/12/2262},
   year = {2017},
}

@article{Wang2019,
   author = {Liang Wang and Rob Law},
   doi = {10.1080/19388160.2019.1699484},
   issn = {19388179},
   issue = {4},
   journal = {https://doi.org/10.1080/19388160.2019.1699484},
   keywords = {Hotel website usability,hotel website functionality,internet experience,moderating effect,online booking intentions,在线预订,网络使用经验,调节效应,酒店网站可用性,酒店网站有用性},
   month = {10},
   pages = {585-605},
   publisher = {Routledge},
   title = {Relationship between Hotels’ Website Quality and Consumers’ Booking Intentions with Internet Experience as Moderator},
   volume = {16},
   url = {https://www.tandfonline.com/doi/abs/10.1080/19388160.2019.1699484},
   year = {2019},
}
